@article{wildfire_dataset, title={Spatial wildfire occurrence data for the United States, 1992-2015 [FPA\_FOD\_20170508] (4th Edition)}, DOI={10.2737/rds-2013-0009.4}, journal={Forest Service Research Data Archive}, author={Short, Karen C.},
year= {2017}
}

@article{HAAS201344,
title = "A national approach for integrating wildfire simulation modeling into Wildland Urban Interface risk assessments within the United States",
journal = "Landscape and Urban Planning",
volume = "119",
pages = "44 - 53",
year = "2013",
issn = "0169-2046",
doi = "https://doi.org/10.1016/j.landurbplan.2013.06.011",
url = "http://www.sciencedirect.com/science/article/pii/S0169204613001278",
author = "Jessica R. Haas and David E. Calkin and Matthew P. Thompson",
keywords = "Wildland urban interface, Residentially developed populated areas, Exposure analysis, Wildfire risk assessment, Burn probability modeling"
}

@ARTICLE{4376135,
author={J. {Dykes} and C. {Brunsdon}},
journal={IEEE Transactions on Visualization and Computer Graphics},
title={Geographically Weighted Visualization: Interactive Graphics for Scale-Varying Exploratory Analysis},
year={2007},
volume={13},
number={6},
pages={1161-1168},
keywords={data visualisation;geographic information systems;interactive systems;statistical analysis;geographically weighted visualization;interactive graphics;scale-varying exploratory analysis;geowigs;multivariate statistical value;multivariate local variation;Visualization;Graphics;Geography;Statistics;Statistical analysis;Extraterrestrial measurements;Extraterrestrial phenomena;Statistical distributions;Software prototyping;Ethics;Geographical weighting;exploratory data analysis;scale;multivariate;directional;interaction;coordinated views},
doi={10.1109/TVCG.2007.70558},
ISSN={},
month={Nov},}

@inproceedings{Fisher:2016:BDE:2939502.2939518,
 author = {Fisher, Danyel},
 title = {Big Data Exploration Requires Collaboration Between Visualization and Data Infrastructures},
 booktitle = {Proceedings of the Workshop on Human-In-the-Loop Data Analytics},
 series = {HILDA '16},
 year = {2016},
 isbn = {978-1-4503-4207-0},
 location = {San Francisco, California},
 pages = {16:1--16:5},
 articleno = {16},
 numpages = {5},
 url = {http://doi.acm.org/10.1145/2939502.2939518},
 doi = {10.1145/2939502.2939518},
 acmid = {2939518},
 publisher = {ACM},
 address = {New York, NY, USA},
 keywords = {big data, data analysis, data visualization},
} 

@article{random_forest_related,
author = { M.   Pal },
title = {Random forest classifier for remote sensing classification},
journal = {International Journal of Remote Sensing},
volume = {26},
number = {1},
pages = {217-222},
year  = {2005},
publisher = {Taylor & Francis},
doi = {10.1080/01431160412331269698},
URL = { 
        https://doi.org/10.1080/01431160412331269698
    
},
eprint = { 
        https://doi.org/10.1080/01431160412331269698
    
}
}

@article{DBLP:journals/corr/abs-1709-07493,
  author    = {Radwa El Shawi and
               Sherif Sakr},
  title     = {Big Data Systems Meet Machine Learning Challenges: Towards Big Data
               Science as a Service},
  journal   = {CoRR},
  volume    = {abs/1709.07493},
  year      = {2017},
  url       = {http://arxiv.org/abs/1709.07493},
  archivePrefix = {arXiv},
  eprint    = {1709.07493},
  timestamp = {Mon, 13 Aug 2018 16:46:20 +0200},
  biburl    = {https://dblp.org/rec/bib/journals/corr/abs-1709-07493},
  bibsource = {dblp computer science bibliography, https://dblp.org}
}

@article{potapovinformation,
  title={The information and computational system for the massive parallel processing of radar data based on Apache Spark framework},
  author={Potapov, VP and Popov, SE and Kostylev, MA},
  year= {2018},
  journal= {Computational Technologies}
}